@incollection{Beutel2004,
  title={Prototyping wireless sensor network applications with BTnodes},
  author={Beutel, Jan and Kasten, Oliver and Mattern, Friedemann and R{\"o}mer, Kay and Siegemund, Frank and Thiele, Lothar},
  booktitle={Wireless Sensor Networks},
  pages={323--338},
  year={2004},
  publisher={Springer}
}



@article{Beutel,
author = {Beutel, Jan and Zurich, E T H},
file = {:X$\backslash$:/Users/tan/Documents/sync/Studium/FS\_6/Bachelor-Arbeit/Paper/BTNodes.pdf:pdf},
journal = {Computing},
title = {{The BTnode Story Reflections on Almost a Decade of Mote Class Devices}}
}

@inproceedings{Hopkins2006,
  title={A generic on-chip debugger for wireless sensor networks},
  author={Hopkins, Andrew BT and McDonald-Maier, Klaus D},
  booktitle={Adaptive Hardware and Systems, 2006. AHS 2006. First NASA/ESA Conference on},
  pages={338--342},
  year={2006},
  organization={IEEE}
}


@article{Kar2011,
author = {Kar, Dulal C. and Ngo, Hung L. and Mulkey, Clifton J. and Sanapala, Geetha},
doi = {10.4018/978-1-61350-101-6},
file = {:X$\backslash$:/Users/tan/Documents/sync/Studium/FS\_6/Bachelor-Arbeit/Paper/Wireless\_technologies.pdf:pdf},
isbn = {9781613501016},
title = {{Wireless Technologies}},
url = {http://www.igi-global.com/chapter/advances-security-privacy-wireless-sensor/58886},
year = {2011}
}

@inproceedings{Kasten2000,
  title={First experiences with bluetooth in the smart-its distributed sensor network},
  author={Kasten, Oliver and Langheinrich, Marc},
  booktitle={Workshop on Ubiquitous Computing and Communications, PACT},
  volume={1},
  year={2001}
}


@article{Kirchen2014,
author = {Kirchen, Bernhard},
file = {:X$\backslash$:/Users/tan/Documents/sync/Studium/FS\_6/Bachelor-Arbeit/Paper/2014-03-31-Bernhard\_Kirchen-Master-Thesis\_optimized\_for\_size.pdf:pdf},
keywords = {Wireless Sensor Networks, nesC, TinyOS, TelosB, mo},
title = {{DynaTop : Enabling Dynamic Topologies in Wireless Sensor Network Testbeds}},
year = {2014}
}


@inproceedings{Leopold2003,
  title={Bluetooth and sensor networks: A reality check},
  author={Leopold, Martin and Dydensborg, Mads Bondo and Bonnet, Philippe},
  booktitle={Proceedings of the 1st international conference on Embedded networked sensor systems},
  pages={103--113},
  year={2003},
  organization={ACM}
}



@inproceedings{Lim2013,
  title={FlockLab: A testbed for distributed, synchronized tracing and profiling of wireless embedded systems},
  author={Lim, Robert and Ferrari, Federico and Zimmerling, Marco and Walser, Christoph and Sommer, Philipp and Beutel, Jan},
  booktitle={Information Processing in Sensor Networks (IPSN), 2013 ACM/IEEE International Conference on},
  pages={153--165},
  year={2013},
  organization={IEEE}
}

@phdthesis{Moser,
  title={The EventCollector Concept},
  author={Moser, Thomas and Karrer, Lukas},
  year={2001},
  school={MS thesis, ETH Z{\"u}rich, Distributed Systems Group}
}


@inproceedings{Rensfelt2009,
  title={Sensei-UU: a nomadic sensor network testbed supporting mobile nodes},
  author={Rensfelt, Olof and Hermans, Frederik and Ferm, Christofer and Gunningberg, Per and Larzon, Lars-Ake},
  booktitle={the proc. of the 4th ACM International Workshop on Wireless Networks Testbeds, Experimental Evaluation, and Characterization},
  year={2010}
}

@article{Sheriff2010,
author = {Sheriff, Nathirulla},
file = {:X$\backslash$:/Users/tan/Documents/sync/Studium/FS\_6/Bachelor-Arbeit/Paper/timeSyncro.pdf:pdf},
journal = {Health Care Systems},
title = {{Time Synchronization in ANT Wireless Low Power Sensor Network}},
year = {2010}
}

@inproceedings{smeets2014demonstration,
  title={Demonstration abstract: A lightweight, portable device with integrated USB-Host support for reprogramming wireless sensor nodes},
  author={Smeets, Hugues and Meurer, Tim and Shih, Chia-Yen and Marr{\'o}n, Pedro Jos{\'e}},
  booktitle={Information Processing in Sensor Networks, IPSN-14 Proceedings of the 13th International Symposium on},
  pages={333--334},
  year={2014},
  organization={IEEE}
}

@incollection{smeets2013trainsense,
  title={TrainSense: a novel infrastructure to support mobility in wireless sensor networks},
  author={Smeets, Hugues and Shih, Chia-Yen and Zuniga, Marco and Hagemeier, Tobias and Marr{\'o}n, Pedro Jos{\`e}},
  booktitle={Wireless Sensor Networks},
  pages={18--33},
  year={2013},
  publisher={Springer}
}
@inproceedings{Sommer,
  title={Minerva: Distributed tracing and debugging in wireless sensor networks},
  author={Sommer, Philipp and Kusy, Branislav},
  booktitle={Proceedings of the 11th ACM Conference on Embedded Networked Sensor Systems},
  pages={12},
  year={2013},
  organization={ACM}
}

@misc{DynastreamInnovationsInc.2013,
author = {{Dynastream Innovations Inc.}},
title = {{ANT Message Protocol and Usage}},
howpublished = "\url{http://www.thisisant.com/resources/ant-message-protocol-and-usage/}",
note = "[Online; accessed 27-September-2015]"
}

@misc{Networks,
author = {{Dynastream Innovations Inc.}},
title = {{ANTAP1MxIB RF Transceiver Module}},
howpublished = "\url{http://www.thisisant.com/resources/ant-ap1-transceiver-module-datasheet/}",
note = "[Online; accessed 27-September-2015]"
}

@misc{AntChan,
author = {{Dynastream Innovations Inc.}},
title = {{ANT Channel Search and Background Scanning Channel}},
howpublished = "\url{http://www.thisisant.com/resources/an11-ant-channel-search-and-background-scanning-channel/}",
note = "[Online; accessed 27-September-2015]"
}

@misc{AP2Datasheet,
author = {{Dynastream Innovations Inc.}},
title = {{AP2 RF Transceiver Module}},
howpublished = "\url{http://www.thisisant.com/resources/ant-ap2-transceiver-module-datasheet/}",
note = "[Online; accessed 27-September-2015]"
}

@misc{BurstMax,
author = {{Dynastream Innovations Inc.}},
title = {{Burst Transfers}},
howpublished = "\url{http://www.thisisant.com/resources/an04-burst-transfers/}",
note = "[Online; accessed 27-September-2015]"
}

@misc{AP1page,
author = {{Dynastream Innovations Inc.}},
title = {{AP1 Module product page}},
howpublished = "\url{http://www.thisisant.com/developer/components/ap1-module/}",
note = "[Online; accessed 27-September-2015]"
}

@misc{ANTWinLib,
author = {{Dynastream Innovations Inc.}},
title = {{ANT Windows Library Package with source code}},
howpublished = "\url{http://www.thisisant.com/resources/ant-windows-library-package-with-source-code/}",
note = "[Online; accessed 27-September-2015]"
}

@misc{ANTwareII,
author = {{Dynastream Innovations Inc.}},
title = {{ANTware II}},
howpublished = "\url{http://www.thisisant.com/developer/resources/software-tools/}",
note = "[Online; accessed 27-September-2015]"
}

@misc{ANTPICLIB,
author = {BeatCraft, Inc.},
title = {{ANT/Library for PIC24F}},
howpublished = "\url{http://labs.beatcraft.com/en/index.php?ANT%2FLibrary%20for%20PIC24F}",
note = "[Online; accessed 27-September-2015]"
}

@misc{RS232,
	author = {Strangio, Christopher E.},
	title = {{The RS232 STANDARD - A Tutorial with Signal Names and Definitions}},
	year = {2015},
	howpublished = "\url{http://www.camiresearch.com/Data_Com_Basics/RS232_standard.html}",
	note = "[Online; accessed 27-September-2015]"
}

